@inproceedings{GG06,
    AUTHOR = {Thomas L. Griffiths and Zoubin Ghahramani},
     TITLE = {Infinite latent feature models and the {I}ndian buffet process},
 BOOKTITLE = {Adv. in Neural Inform. Processing Syst. 18},
FBOOKTITLE = {Advances in Neural Information Processing Systems (NIPS) 18},
      YEAR = {2006},
     PAGES = {475--482},
 PUBLISHER = {MIT Press, Cambridge, MA},
}

@techreport{GG05,
      AUTHOR = {Thomas L. Griffiths and Zoubin Ghahramani},
       TITLE = {Infinite latent feature models and the {I}ndian buffet process},
FINSTITUTION = {Gatsby Computational Neuroscience Unit},
 INSTITUTION = {Gatsby Comput.\ Neuroscience Unit},
      NUMBER = {GCNU TR 2005-001},
        YEAR = {2005},
}	

@inproceedings{TJ07,
    AUTHOR = {Romain Thibaux and Michael I. Jordan},
     TITLE = {Hierarchical Beta Processes and the {I}ndian Buffet Process},
 BOOKTITLE = {Proc. of the 11th Conf. on A.I. and Stat.},
FBOOKTITLE = {Proceedings of the 11th International Conference on Artificial 
              Intelligence and Statistics},
      YEAR = {2007}
}

@article{Hjort90,
    AUTHOR = {Hjort, Nils Lid},
     TITLE = {Nonparametric {B}ayes estimators based on beta processes in
              models for life history data},
   JOURNAL = {Ann. Statist.},
  FJOURNAL = {The Annals of Statistics},
    VOLUME = {18},
      YEAR = {1990},
    NUMBER = {3},
     PAGES = {1259--1294},
       DOI = {10.1214/aos/1176347749},
       URL = {http://dx.doi.org/10.1214/aos/1176347749},
}

@article{Kim99,
    AUTHOR = {Kim, Yongdai},
     TITLE = {Nonparametric {B}ayesian estimators for counting processes},
   JOURNAL = {Ann. Statist.},
  FJOURNAL = {The Annals of Statistics},
    VOLUME = {27},
      YEAR = {1999},
    NUMBER = {2},
     PAGES = {562--588},
       DOI = {10.1214/aos/1018031207},
       URL = {http://dx.doi.org/10.1214/aos/1018031207},
}

